<record><leader>00000cas a2200000 i 4500</leader><controlfield tag="001">17359356</controlfield><controlfield tag="008">880119d18791982wauwr ne      0    0eng  </controlfield><datafield ind1=" " ind2=" " tag="010"><subfield code="a">sn 88085214 </subfield></datafield><datafield ind1=" " ind2=" " tag="040"><subfield code="a">SLZ</subfield><subfield code="b">eng</subfield><subfield code="e">rda</subfield><subfield code="c">SLZ</subfield><subfield code="d">CNK</subfield><subfield code="d">OCL</subfield><subfield code="d">OCLCQ</subfield><subfield code="d">OCLCF</subfield><subfield code="d">OCLCO</subfield><subfield code="d">IUL</subfield></datafield><datafield ind1=" " ind2=" " tag="042"><subfield code="a">pcc</subfield></datafield><datafield ind1=" " ind2=" " tag="043"><subfield code="a">n-us-wa</subfield></datafield><datafield ind1="0" ind2="4" tag="245"><subfield code="a">The Puget Sound mail.</subfield></datafield><datafield ind1=" " ind2="1" tag="264"><subfield code="a">La Conner, W. T. [Wash] :</subfield><subfield code="b">James Power</subfield></datafield><datafield ind1=" " ind2=" " tag="300"><subfield code="a">volumes</subfield></datafield><datafield ind1=" " ind2=" " tag="310"><subfield code="a">Weekly</subfield></datafield><datafield ind1=" " ind2=" " tag="336"><subfield code="a">text</subfield><subfield code="b">txt</subfield><subfield code="2">rdacontent</subfield></datafield><datafield ind1=" " ind2=" " tag="337"><subfield code="a">unmediated</subfield><subfield code="b">n</subfield><subfield code="2">rdamedia</subfield></datafield><datafield ind1=" " ind2=" " tag="338"><subfield code="a">volume</subfield><subfield code="b">nc</subfield><subfield code="2">rdacarrier</subfield></datafield><datafield ind1="0" ind2=" " tag="362"><subfield code="a">Vol. 7, no. 13 (September 13, 1879)-</subfield></datafield><datafield ind1="1" ind2=" " tag="362"><subfield code="a">Ceased in 1982.</subfield></datafield><datafield ind1=" " ind2=" " tag="588"><subfield code="a">Latest issue consulted: Vol. XI, no. 35 (February 23, 1884), WA State Library PDF (viewed Nov. 16, 2016).</subfield></datafield><datafield ind1=" " ind2="0" tag="651"><subfield code="a">La Conner (Wash.)</subfield><subfield code="v">Newspapers.</subfield></datafield><datafield ind1=" " ind2="7" tag="651"><subfield code="a">Washington (State)</subfield><subfield code="z">La Conner.</subfield><subfield code="2">fast</subfield><subfield code="0">(OCoLC)fst01246495</subfield></datafield><datafield ind1=" " ind2="7" tag="655"><subfield code="a">Newspapers.</subfield><subfield code="2">fast</subfield><subfield code="0">(OCoLC)fst01423814</subfield></datafield><datafield ind1=" " ind2=" " tag="752"><subfield code="a">United States</subfield><subfield code="b">Washington</subfield><subfield code="c">Skagit</subfield><subfield code="d">La Conner.</subfield></datafield><datafield ind1="0" ind2="8" tag="776"><subfield code="i">Online version:</subfield><subfield code="t">Puget Sound mail</subfield><subfield code="w">(OCoLC)463309834</subfield></datafield><datafield ind1="0" ind2="0" tag="780"><subfield code="t">Bellingham Bay mail</subfield><subfield code="w">(DLC)sn 84022801</subfield><subfield code="w">(OCoLC)10583378</subfield></datafield><datafield ind1="4" ind2="1" tag="856"><subfield code="u">http://www.sos.wa.gov/history/newspapers_detail.aspx?t=27</subfield></datafield><datafield ind1="1" ind2=" " tag="029"><subfield code="a">AU@</subfield><subfield code="b">000020495133</subfield></datafield></record>